2000 2581
516 162 777 114 Sarai rapta ab Abimelech Abra:

579 252 621 86 hae marito, Gen. 20.

319 314 894 122 Et soror et coniux olim tua voce sororis

383 391 797 101 Haec mitto infoelix verba legenda tibi.

369 443 922 120 Si sinis ipse tamen iustos me fundere luctus,

409 510 866 115 Pauca ego de merito fratre viroque querar.

347 569 985 105 Quid tamen infoelix nimium tibi cognita scribam?

391 627 907 99 Non etenim luctus inscius ipse mei es.

353 689 1083 101 Me tenet abreptam per vim nunc barbarus hostis

401 756 821 95 Invitam contra iusque piumque tenet.

358 799 846 117 Nec tamen illius tantum conamina diri,

409 850 1060 117 Quam tua connubii pignora lenta queror.

353 926 1015 97 Namque peregrini quod sum nova praeda tyranni

395 980 828 118 Effectum est curis consiliisque tuis.

375 1043 1046 125 Pace tua dicam, rapuit quod barbarus heros,

396 1101 914 120 Fecit quę in timido pectore cura fuit.

363 1167 1005 100 Dum metuis vitae, dum dura pericula vitas,

408 1230 872 110 Me miseram damnis obiicis ipse tuis.

388 1251 999 162 Utque etenim primum Geraren intravimus altam

404 1346 875 113 Pressimus et lasso non loca nota pede.

357 1409 906 100 Nescio qua causa nimium formosa videbar

403 1469 895 94 Et tibi, vę, timido causa timoris eram.

353 1531 899 104 Et metuis formaeque meae vitaeque tuisque

428 1566 936 134 ( hei, metus infamis non decet ille virum )

363 1645 1017 128 Aggrederis placide me iam omnia tuta timentem

417 1702 932 118 Et mihi cum lachrymis talia verba refers.

266 1752 1041 123 O soror et coniux, vitae spes unica nostrę,

426 1818 892 125 Quę sueta es damnis semper adesse meis,

351 1892 912 112 Ecce peregrini calcamus principis oras

432 1943 966 114 ( Sic Deus omnipotens, sic mea fata volunt )

356 2013 1022 109 Nec scimus populi mores, an iussa tonantis

405 2066 817 116 Horreat, aut coeli numina nulla colat.
